<record><leader>00000cas a2200000 a 4500</leader><controlfield tag="001">31714889</controlfield><controlfield tag="007">hd bfu---baat</controlfield><controlfield tag="007">hd afu---bact</controlfield><controlfield tag="008">941219d19371942nbudn nea     0    0eng d</controlfield><datafield ind1=" " ind2=" " tag="010"><subfield code="a">sn 94061458 </subfield></datafield><datafield ind1=" " ind2=" " tag="040"><subfield code="a">NVG</subfield><subfield code="b">eng</subfield><subfield code="c">NVG</subfield><subfield code="d">OCL</subfield><subfield code="d">OCLCQ</subfield></datafield><datafield ind1=" " ind2=" " tag="042"><subfield code="a">msc</subfield></datafield><datafield ind1=" " ind2=" " tag="043"><subfield code="a">n-us-nb</subfield></datafield><datafield ind1="0" ind2=" " tag="130"><subfield code="a">Fremont daily tribune (Fremont, Neb. : 1937)</subfield></datafield><datafield ind1="1" ind2="0" tag="245"><subfield code="a">Fremont daily tribune</subfield><subfield code="h">[microform].</subfield></datafield><datafield ind1="1" ind2="7" tag="246"><subfield code="a">Fremont evening tribune</subfield><subfield code="f">Feb. 27, 1937</subfield></datafield><datafield ind1=" " ind2=" " tag="260"><subfield code="a">Fremont, Neb. :</subfield><subfield code="b">Hammond Print. Co.,</subfield><subfield code="c">1937-1942.</subfield></datafield><datafield ind1=" " ind2=" " tag="300"><subfield code="a">v.</subfield></datafield><datafield ind1=" " ind2=" " tag="310"><subfield code="a">Daily (except Sun.)</subfield></datafield><datafield ind1="0" ind2=" " tag="362"><subfield code="a">Vol. 54, no. 243 (Feb. 24, 1937)-75th year, no. 62 (July 25, 1942).</subfield></datafield><datafield ind1=" " ind2=" " tag="515"><subfield code="a">Vol. 56, no. 88-71st year, no. 87 not published.</subfield></datafield><datafield ind1=" " ind2=" " tag="580"><subfield code="a">Merged with: Fremont morning guide, to form: Fremont guide and tribune.</subfield></datafield><datafield ind1=" " ind2=" " tag="533"><subfield code="a">Microfilm.</subfield><subfield code="m">1937-1942:[Lacks Aug. 30,1937 and Jan. 24,1938]</subfield><subfield code="b">Lincoln, Neb. :</subfield><subfield code="c">Nebraska State Historical Society,</subfield><subfield code="d">1972.</subfield><subfield code="e">1 microfilm reel ; 35 mm.</subfield></datafield><datafield ind1=" " ind2=" " tag="752"><subfield code="a">United States</subfield><subfield code="b">Nebraska</subfield><subfield code="c">Dodge</subfield><subfield code="d">Fremont.</subfield></datafield><datafield ind1="0" ind2="0" tag="780"><subfield code="t">Fremont evening tribune</subfield><subfield code="w">(DLC)sn 94061457</subfield></datafield><datafield ind1="1" ind2="7" tag="785"><subfield code="t">Fremont morning guide</subfield><subfield code="w">(DLC)sn 94061463</subfield></datafield><datafield ind1="1" ind2="7" tag="785"><subfield code="t">Fremont guide and tribune</subfield><subfield code="w">(DLC)sn 94061459</subfield></datafield><datafield ind1="1" ind2=" " tag="029"><subfield code="a">AU@</subfield><subfield code="b">000011501328</subfield></datafield></record>